<record><leader>00000cas a22000007a 4500</leader><controlfield tag="001">20981534</controlfield><controlfield tag="008">900131d18911891mouwr ne      0    0eng d</controlfield><datafield ind1=" " ind2=" " tag="010"><subfield code="a">sn 90061222 </subfield></datafield><datafield ind1=" " ind2=" " tag="040"><subfield code="a">MQN</subfield><subfield code="b">eng</subfield><subfield code="c">MQN</subfield><subfield code="d">OCLCQ</subfield><subfield code="d">OCLCF</subfield><subfield code="d">OCLCO</subfield></datafield><datafield ind1="1" ind2=" " tag="029"><subfield code="a">AU@</subfield><subfield code="b">000020593362</subfield></datafield><datafield ind1=" " ind2=" " tag="042"><subfield code="a">msc</subfield></datafield><datafield ind1=" " ind2=" " tag="043"><subfield code="a">n-us-mo</subfield></datafield><datafield ind1="0" ind2=" " tag="130"><subfield code="a">Jamesport weekly herald (Jamesport, Mo. : 1891)</subfield></datafield><datafield ind1="1" ind2="0" tag="245"><subfield code="a">Jamesport weekly herald.</subfield></datafield><datafield ind1=" " ind2=" " tag="260"><subfield code="a">Jamesport, Daviess County, Mo. :</subfield><subfield code="b">R.M. Harrah</subfield></datafield><datafield ind1=" " ind2=" " tag="300"><subfield code="a">v.</subfield></datafield><datafield ind1=" " ind2=" " tag="310"><subfield code="a">Weekly</subfield></datafield><datafield ind1="0" ind2=" " tag="362"><subfield code="a">Vol. 3, no. 44 (Aug. 14, 1891)-</subfield></datafield><datafield ind1="1" ind2=" " tag="362"><subfield code="a">Ceased in 1891?</subfield></datafield><datafield ind1=" " ind2="0" tag="651"><subfield code="a">Jamesport (Mo.)</subfield><subfield code="v">Newspapers.</subfield></datafield><datafield ind1=" " ind2="7" tag="655"><subfield code="a">Newspapers.</subfield><subfield code="2">fast</subfield><subfield code="0">(OCoLC)fst01423814</subfield></datafield><datafield ind1=" " ind2="7" tag="651"><subfield code="a">Missouri</subfield><subfield code="z">Jamesport.</subfield><subfield code="2">fast</subfield><subfield code="0">(OCoLC)fst01297108</subfield></datafield><datafield ind1=" " ind2=" " tag="752"><subfield code="a">United States</subfield><subfield code="b">Missouri</subfield><subfield code="c">Daviess</subfield><subfield code="d">Jamesport.</subfield></datafield><datafield ind1="0" ind2="0" tag="780"><subfield code="t">Jamesport herald</subfield><subfield code="w">(DLC)sn 90061221</subfield></datafield></record>